@INPROCEEDINGS{rtabmap2011, 
	author={M. Labbé and F. Michaud}, 
	booktitle={2011 IEEE/RSJ International Conference on Intelligent Robots and Systems}, 
	title={Memory management for real-time appearance-based loop closure detection}, 
	year={2011}, 
	pages={1271-1276}, 
	keywords={SLAM (robots);image matching;mobile robots;robot vision;storage management;SLAM;internal map;location matching;memory management;real-time appearance;real-time loop closure detection approach;Bayesian methods;Dictionaries;Feature extraction;Real time systems;Simultaneous localization and mapping;Visualization}, 
	doi={10.1109/IROS.2011.6094602}, 
	ISSN={2153-0858}, 
	month={Sept},}

@INPROCEEDINGS{rtabmap2014, 
	author={M. Labbé and F. Michaud}, 
	booktitle={2014 IEEE/RSJ International Conference on Intelligent Robots and Systems}, 
	title={Online global loop closure detection for large-scale multi-session graph-based SLAM}, 
	year={2014}, 
	pages={2661-2666}, 
	keywords={SLAM (robots);graph theory;laser ranging;mobile robots;position control;robot vision;Kinect;indoor mapping sessions;initial positioning;kidnapped robot problem;large-scale multisession graph-based SLAM;laser rangefinder;memory management approach;multisession mapping;online global loop closure detection;online processing requirements;simultaneous localization and mapping;Lasers;Memory management;Optimization;Simultaneous localization and mapping;Three-dimensional displays;Visualization}, 
	doi={10.1109/IROS.2014.6942926}, 
	ISSN={2153-0858}, 
	month={Sept},}